{
  "leader": "04748cam a2200577 a 4500",
  "fields": [
    {
      "001": "ocm17297653\\"
    },
    {
      "003": "OCoLC"
    },
    {
      "005": "20220627075602.0"
    },
    {
      "008": "871127s1988\\\\\\\\ncua\\\\\\\\\\b\\\\\\\\001\\0\\eng\\\\"
    },
    {
      "010": {
        "ind1": "\\",
        "ind2": "\\",
        "subfields": [
          {
            "a": "   87035196 "
          }
        ]
      }
    },
    {
      "040": {
        "ind1": "\\",
        "ind2": "\\",
        "subfields": [
          {
            "a": "DLC"
          },
          {
            "b": "eng"
          },
          {
            "c": "DLC"
          },
          {
            "d": "UKM"
          },
          {
            "d": "MUQ"
          },
          {
            "d": "BAKER"
          },
          {
            "d": "BTCTA"
          },
          {
            "d": "YDXCP"
          },
          {
            "d": "OCLCG"
          },
          {
            "d": "ZWZ"
          },
          {
            "d": "UKV3G"
          },
          {
            "d": "DEBBG"
          },
          {
            "d": "GEBAY"
          },
          {
            "d": "GBVCP"
          },
          {
            "d": "BDX"
          },
          {
            "d": "OCLCO"
          },
          {
            "d": "UKMGB"
          },
          {
            "d": "OCLCF"
          },
          {
            "d": "OCLCQ"
          },
          {
            "d": "OCLCO"
          },
          {
            "d": "OCLCQ"
          },
          {
            "d": "WVX"
          },
          {
            "d": "OCL"
          },
          {
            "d": "FC@"
          },
          {
            "d": "IAK"
          },
          {
            "d": "OCLCQ"
          },
          {
            "d": "UEJ"
          },
          {
            "d": "OCLCQ"
          },
          {
            "d": "CSJ"
          },
          {
            "d": "OCLCO"
          },
          {
            "d": "DHA"
          },
          {
            "d": "OCLCQ"
          },
          {
            "d": "TYC"
          },
          {
            "d": "XOJ"
          },
          {
            "d": "OKX"
          },
          {
            "d": "CPO"
          },
          {
            "d": "JDP"
          },
          {
            "d": "OCLCQ"
          },
          {
            "d": "BGU"
          },
          {
            "d": "OCLCQ"
          },
          {
            "d": "OCLCA"
          },
          {
            "d": "EUQ"
          },
          {
            "d": "DCHUA"
          },
          {
            "d": "UKUOY"
          },
          {
            "d": "VLR"
          },
          {
            "d": "VA@"
          },
          {
            "d": "OCLCQ"
          },
          {
            "d": "LMJ"
          },
          {
            "d": "SXQ"
          },
          {
            "d": "PZS"
          },
          {
            "d": "OCLCQ"
          },
          {
            "d": "LUN"
          },
          {
            "d": "ZHC"
          },
          {
            "d": "CZL"
          },
          {
            "d": "OCLCO"
          },
          {
            "d": "JPL"
          }
        ]
      }
    },
    {
      "015": {
        "ind1": "\\",
        "ind2": "\\",
        "subfields": [
          {
            "a": "GB8907550"
          },
          {
            "2": "bnb"
          }
        ]
      }
    },
    {
      "015": {
        "ind1": "\\",
        "ind2": "\\",
        "subfields": [
          {
            "a": "b8907550"
          }
        ]
      }
    },
    {
      "016": {
        "ind1": "7",
        "ind2": "\\",
        "subfields": [
          {
            "a": "BA04893397"
          },
          {
            "2": "JP-ToKJK"
          }
        ]
      }
    },
    {
      "016": {
        "ind1": "7",
        "ind2": "\\",
        "subfields": [
          {
            "a": "009119012"
          },
          {
            "2": "Uk"
          }
        ]
      }
    },
    {
      "016": {
        "ind1": "7",
        "ind2": "\\",
        "subfields": [
          {
            "a": "012657538"
          },
          {
            "2": "Uk"
          }
        ]
      }
    },
    {
      "019": {
        "ind1": "\\",
        "ind2": "\\",
        "subfields": [
          {
            "a": "20169358"
          },
          {
            "a": "59243288"
          },
          {
            "a": "1022718720"
          },
          {
            "a": "1065393471"
          },
          {
            "a": "1078791913"
          },
          {
            "a": "1078808502"
          },
          {
            "a": "1080078594"
          },
          {
            "a": "1080728702"
          },
          {
            "a": "1081049500"
          },
          {
            "a": "1082415399"
          },
          {
            "a": "1083392422"
          },
          {
            "a": "1084282158"
          },
          {
            "a": "1089526823"
          },
          {
            "a": "1166988040"
          },
          {
            "a": "1201925056"
          }
        ]
      }
    },
    {
      "020": {
        "ind1": "\\",
        "ind2": "\\",
        "subfields": [
          {
            "a": "0807817937"
          },
          {
            "q": "(alk. paper)"
          }
        ]
      }
    },
    {
      "020": {
        "ind1": "\\",
        "ind2": "\\",
        "subfields": [
          {
            "a": "9780807817933"
          },
          {
            "q": "(alk. paper)"
          }
        ]
      }
    },
    {
      "020": {
        "ind1": "\\",
        "ind2": "\\",
        "subfields": [
          {
            "a": "0807842214"
          },
          {
            "q": "(pbk. ;"
          },
          {
            "q": "alk. paper)"
          }
        ]
      }
    },
    {
      "020": {
        "ind1": "\\",
        "ind2": "\\",
        "subfields": [
          {
            "a": "9780807842218"
          },
          {
            "q": "(pbk. ;"
          },
          {
            "q": "alk. paper)"
          }
        ]
      }
    },
    {
      "024": {
        "ind1": "8",
        "ind2": "\\",
        "subfields": [
          {
            "a": "ZBWT00194952"
          }
        ]
      }
    },
    {
      "024": {
        "ind1": "3",
        "ind2": "\\",
        "subfields": [
          {
            "a": "99818289124"
          }
        ]
      }
    },
    {
      "035": {
        "ind1": "\\",
        "ind2": "\\",
        "subfields": [
          {
            "a": "(OCoLC)17297653"
          },
          {
            "z": "(OCoLC)20169358"
          },
          {
            "z": "(OCoLC)59243288"
          },
          {
            "z": "(OCoLC)1022718720"
          },
          {
            "z": "(OCoLC)1065393471"
          },
          {
            "z": "(OCoLC)1078791913"
          },
          {
            "z": "(OCoLC)1078808502"
          },
          {
            "z": "(OCoLC)1080078594"
          },
          {
            "z": "(OCoLC)1080728702"
          },
          {
            "z": "(OCoLC)1081049500"
          },
          {
            "z": "(OCoLC)1082415399"
          },
          {
            "z": "(OCoLC)1083392422"
          },
          {
            "z": "(OCoLC)1084282158"
          },
          {
            "z": "(OCoLC)1089526823"
          },
          {
            "z": "(OCoLC)1166988040"
          },
          {
            "z": "(OCoLC)1201925056"
          }
        ]
      }
    },
    {
      "043": {
        "ind1": "\\",
        "ind2": "\\",
        "subfields": [
          {
            "a": "n-usu--"
          }
        ]
      }
    },
    {
      "050": {
        "ind1": "0",
        "ind2": "0",
        "subfields": [
          {
            "a": "LC2802.S9"
          },
          {
            "b": "A53 1988"
          }
        ]
      }
    },
    {
      "082": {
        "ind1": "0",
        "ind2": "0",
        "subfields": [
          {
            "a": "370.0889073075"
          },
          {
            "b": "AND"
          }
        ]
      }
    },
    {
      "083": {
        "ind1": "0",
        "ind2": "0",
        "subfields": [
          {
            "a": "United States. Southern states. Black persons. Education, history"
          }
        ]
      }
    },
    {
      "100": {
        "ind1": "1",
        "ind2": "\\",
        "subfields": [
          {
            "a": "Anderson, James D.,"
          },
          {
            "d": "1944-"
          }
        ]
      }
    },
    {
      "245": {
        "ind1": "1",
        "ind2": "4",
        "subfields": [
          {
            "a": "The education of Blacks in the South, 1860-1935 /"
          },
          {
            "c": "James D. Anderson."
          }
        ]
      }
    },
    {
      "260": {
        "ind1": "\\",
        "ind2": "\\",
        "subfields": [
          {
            "a": "Chapel Hill :"
          },
          {
            "b": "The University of North Carolina Press,"
          },
          {
            "c": "\u00a91988."
          }
        ]
      }
    },
    {
      "300": {
        "ind1": "\\",
        "ind2": "\\",
        "subfields": [
          {
            "a": "xiv, 366 pages :"
          },
          {
            "b": "illustrations ;"
          },
          {
            "c": "24 cm"
          }
        ]
      }
    },
    {
      "336": {
        "ind1": "\\",
        "ind2": "\\",
        "subfields": [
          {
            "a": "text"
          },
          {
            "b": "txt"
          },
          {
            "2": "rdacontent"
          }
        ]
      }
    },
    {
      "337": {
        "ind1": "\\",
        "ind2": "\\",
        "subfields": [
          {
            "a": "unmediated"
          },
          {
            "b": "n"
          },
          {
            "2": "rdamedia"
          }
        ]
      }
    },
    {
      "338": {
        "ind1": "\\",
        "ind2": "\\",
        "subfields": [
          {
            "a": "volume"
          },
          {
            "b": "nc"
          },
          {
            "2": "rdacarrier"
          }
        ]
      }
    },
    {
      "504": {
        "ind1": "\\",
        "ind2": "\\",
        "subfields": [
          {
            "a": "Includes bibliographical references (pages 313-351) and index."
          }
        ]
      }
    },
    {
      "505": {
        "ind1": "0",
        "ind2": "\\",
        "subfields": [
          {
            "a": "Introduction -- Ex-slaves and the rise of universal education to the south, 1860-1880 -- The Hampton model of normal school industrial education, 1868-1915 -- Education and the race problem in the new south : the struggle for ideological hegemony -- Normal schools and county training schools : educating the south's black teaching force, 1900-1935 -- Common schools for black children : the second crusade, 1900-1935 -- The black public high school and the reproduction of caste in the urban south, 1880-1935 -- Training the apostles of liberal culture : black higher education, 1900-1935 -- Epilogue: Black education in southern history."
          }
        ]
      }
    },
    {
      "583": {
        "ind1": "1",
        "ind2": "\\",
        "subfields": [
          {
            "a": "Legacy"
          },
          {
            "c": "2017"
          },
          {
            "5": "UoY"
          }
        ]
      }
    },
    {
      "520": {
        "ind1": "\\",
        "ind2": "\\",
        "subfields": [
          {
            "a": "James Anderson critically reinterprets the history of southern black education from Reconstruction to the Great Depression. By placing black schooling within a political, cultural, and economic context, he offers fresh insights into black commitment to education, the peculiar significance of Tuskegee Institute, and the conflicting goals of various philanthropic groups. Initially, ex-slaves attempted to create an educational system that would support and extend their emancipation, but their children were pushed into a system of industrial education that presupposed black political and economic subordination. This conception of education and social order conflicted with the aspirations of ex-slaves and their descendants, resulting at the turn of the century in a bitter national debate over the purposes of black education. Because blacks lacked economic and political power, white elites were able to control the structure and content of black education during the first third of the twentieth century. Nonetheless, blacks persisted in their struggle to develop an educational system in accordance with their own needs and desires. -- From publisher's description."
          }
        ]
      }
    },
    {
      "650": {
        "ind1": "\\",
        "ind2": "0",
        "subfields": [
          {
            "a": "African Americans"
          },
          {
            "x": "Education"
          },
          {
            "z": "Southern States"
          },
          {
            "x": "History"
          },
          {
            "y": "19th century."
          }
        ]
      }
    },
    {
      "650": {
        "ind1": "\\",
        "ind2": "0",
        "subfields": [
          {
            "a": "African Americans"
          },
          {
            "x": "Education"
          },
          {
            "z": "Southern States"
          },
          {
            "x": "History"
          },
          {
            "y": "20th century."
          }
        ]
      }
    },
    {
      "650": {
        "ind1": "\\",
        "ind2": "7",
        "subfields": [
          {
            "a": "African Americans"
          },
          {
            "x": "Education."
          },
          {
            "2": "fast"
          },
          {
            "0": "(OCoLC)fst00799600"
          }
        ]
      }
    },
    {
      "651": {
        "ind1": "\\",
        "ind2": "7",
        "subfields": [
          {
            "a": "Southern States."
          },
          {
            "2": "fast"
          },
          {
            "0": "(OCoLC)fst01244550"
          }
        ]
      }
    },
    {
      "648": {
        "ind1": "\\",
        "ind2": "7",
        "subfields": [
          {
            "a": "1800-1999"
          },
          {
            "2": "fast"
          }
        ]
      }
    },
    {
      "655": {
        "ind1": "\\",
        "ind2": "7",
        "subfields": [
          {
            "a": "History."
          },
          {
            "2": "fast"
          },
          {
            "0": "(OCoLC)fst01411628"
          }
        ]
      }
    },
    {
      "655": {
        "ind1": "\\",
        "ind2": "7",
        "subfields": [
          {
            "a": "History."
          },
          {
            "2": "lcgft"
          }
        ]
      }
    },
    {
      "776": {
        "ind1": "0",
        "ind2": "8",
        "subfields": [
          {
            "i": "Online version:"
          },
          {
            "a": "Anderson, James D., 1944-"
          },
          {
            "t": "Education of Blacks in the South, 1860-1935."
          },
          {
            "d": "Chapel Hill : University of North Carolina Press, \u00a91988"
          },
          {
            "w": "(OCoLC)755120545"
          }
        ]
      }
    },
    {
      "856": {
        "ind1": "4",
        "ind2": "1",
        "subfields": [
          {
            "3": "Table of contents"
          },
          {
            "u": "http://www.gbv.de/dms/bowker/toc/9780807817933.pdf"
          }
        ]
      }
    },
    {
      "994": {
        "ind1": "\\",
        "ind2": "\\",
        "subfields": [
          {
            "a": "Z0"
          },
          {
            "b": "NYRVC"
          }
        ]
      }
    },
    {
      "948": {
        "ind1": "\\",
        "ind2": "\\",
        "subfields": [
          {
            "h": "NO HOLDINGS IN NYRVC - 1111 OTHER HOLDINGS"
          }
        ]
      }
    },
    {
      "999": {
        "ind1": "\\",
        "ind2": "\\",
        "subfields": [
          {
            "a": "00000000019896"
          }
        ]
      }
    }
  ]
}